01REMESSA01COBRANCA       1772821205484000185                               748SICREDI        20161209        0000001                                                                                                                                                                                                                                                                                 2.00000001
1AAA            AAA                            163010494      20161209 N B0000    00000000000000            0100000010491912160000000065787         AS091216000000000000000000000000000000000000000000000000000000000000002021515727000181ASSOC. DOS LOJISTAS DO MANGABEIRA       AV. HILTON SOUTO MAIOR/MANGABEIRA       17728000000 5805501800000                                                       000002
1AAA            AAA                            163010508      20161209 N B0000    00000000000000            0100000010502012160000000012300         AS091216000000000000000000000000000000000000000000000000000000000000002021515727000181ASSOC. DOS LOJISTAS DO MANGABEIRA       AV. HILTON SOUTO MAIOR/MANGABEIRA       17728000000 5805501800000                                                       000003
1AAA            AAA                            163010516      20161209 N B0000    00000000000000            0100000010512112160000000233200         AS091216000000000000000000000000000000000000000000000000000000000000002021515727000181ASSOC. DOS LOJISTAS DO MANGABEIRA       AV. HILTON SOUTO MAIOR/MANGABEIRA       17728000000 5805501800000                                                       000004
1AAA            AAA                            163010524      20161209 N B0000    00000000000000            0100000010522212160000000000500         AS091216000000000000000000000000000000000000000000000000000000000000002021515727000181ASSOC. DOS LOJISTAS DO MANGABEIRA       AV. HILTON SOUTO MAIOR/MANGABEIRA       17728000000 5805501800000                                                       000005
1AAA            AAA                            163010532      20161209 N B0000    00000000000000            0100000010532312160000000003400         AS091216000000000000000000000000000000000000000000000000000000000000002021515727000181ASSOC. DOS LOJISTAS DO MANGABEIRA       AV. HILTON SOUTO MAIOR/MANGABEIRA       17728000000 5805501800000                                                       000006
1AAA            AAA                            163010540      20161209 N B0000    00000000000000            0100000010542412160000000123300         AS091216000000000000000000000000000000000000000000000000000000000000002021515727000181ASSOC. DOS LOJISTAS DO MANGABEIRA       AV. HILTON SOUTO MAIOR/MANGABEIRA       17728000000 5805501800000                                                       000007
1AAA            AAA                            163010559      20161209 N B0000    00000000000000            0100000010552512160000000023400         AS091216000000000000000000000000000000000000000000000000000000000000002021515727000181ASSOC. DOS LOJISTAS DO MANGABEIRA       AV. HILTON SOUTO MAIOR/MANGABEIRA       17728000000 5805501800000                                                       000008
1AAA            AAA                            163010567      20161209 N B0000    00000000000000            0100000010562612160000000045300         AS091216000000000000000000000000000000000000000000000000000000000000002021515727000181ASSOC. DOS LOJISTAS DO MANGABEIRA       AV. HILTON SOUTO MAIOR/MANGABEIRA       17728000000 5805501800000                                                       000009
1AAA            AAA                            163010575      20161209 N B0000    00000000000000            0100000010572712160000000212300         AS091216000000000000000000000000000000000000000000000000000000000000002021515727000181ASSOC. DOS LOJISTAS DO MANGABEIRA       AV. HILTON SOUTO MAIOR/MANGABEIRA       17728000000 5805501800000                                                       000010
1AAA            AAA                            163010583      20161209 N B0000    00000000000000            0100000010582812160000000013200         AS091216000000000000000000000000000000000000000000000000000000000000002021515727000181ASSOC. DOS LOJISTAS DO MANGABEIRA       AV. HILTON SOUTO MAIOR/MANGABEIRA       17728000000 5805501800000                                                       000011
9174817728                                                                                                                                                                                                                                                                                                                                                                                                000012
